<record><leader>00000cas a22000007a 4500</leader><controlfield tag="001">11479174</controlfield><controlfield tag="008">841211d184918uuctuwr ne      0    0eng d</controlfield><datafield ind1=" " ind2=" " tag="010"><subfield code="a">sn 84027716 </subfield></datafield><datafield ind1=" " ind2=" " tag="040"><subfield code="a">NPU</subfield><subfield code="b">eng</subfield><subfield code="c">NPU</subfield><subfield code="d">OCL</subfield><subfield code="d">CNW</subfield><subfield code="d">DLC</subfield><subfield code="d">OCL</subfield><subfield code="d">OCLCO</subfield><subfield code="d">OCLCF</subfield></datafield><datafield ind1=" " ind2=" " tag="042"><subfield code="a">msc</subfield></datafield><datafield ind1="0" ind2=" " tag="130"><subfield code="a">Voice of freedom (Danielson, Conn.)</subfield></datafield><datafield ind1="0" ind2="4" tag="245"><subfield code="a">The voice of freedom.</subfield></datafield><datafield ind1=" " ind2=" " tag="260"><subfield code="a">West-Killingly [Danielson], Ct. :</subfield><subfield code="b">[s.n.],</subfield><subfield code="c">1849-</subfield></datafield><datafield ind1=" " ind2=" " tag="300"><subfield code="a">v. ;</subfield><subfield code="c">58 cm.</subfield></datafield><datafield ind1=" " ind2=" " tag="310"><subfield code="a">Weekly</subfield></datafield><datafield ind1="0" ind2=" " tag="362"><subfield code="a">Vol. 1, no. 1 (Mar. 29, 1849)-</subfield></datafield><datafield ind1=" " ind2=" " tag="500"><subfield code="a">"Published under the direction of the Free Soil District Committee."</subfield></datafield><datafield ind1=" " ind2="0" tag="651"><subfield code="a">Danielson (Conn.)</subfield><subfield code="v">Newspapers.</subfield></datafield><datafield ind1=" " ind2="0" tag="651"><subfield code="a">Killingly (Conn. : Town)</subfield><subfield code="v">Newspapers.</subfield></datafield><datafield ind1=" " ind2="7" tag="655"><subfield code="a">Newspapers.</subfield><subfield code="2">fast</subfield><subfield code="0">(OCoLC)fst01423814</subfield></datafield><datafield ind1=" " ind2="7" tag="651"><subfield code="a">Connecticut</subfield><subfield code="z">Danielson.</subfield><subfield code="2">fast</subfield><subfield code="0">(OCoLC)fst01219000</subfield></datafield><datafield ind1=" " ind2="7" tag="651"><subfield code="a">Connecticut</subfield><subfield code="z">Killingly (Town)</subfield><subfield code="2">fast</subfield><subfield code="0">(OCoLC)fst01331389</subfield></datafield><datafield ind1=" " ind2=" " tag="752"><subfield code="a">United States</subfield><subfield code="b">Connecticut</subfield><subfield code="c">Windham</subfield><subfield code="d">Danielson.</subfield></datafield></record>